
@misc{supermetroid:snes,
	Address = {Kyoto, Japan},
	Author = {{Nintendo R\&D1} and {Intelligent Systems}},
	Day = {18},
	Howpublished = {Game [SNES]},
	Month = {April},
	Note = {Nintendo, Kyoto, Japan. Played August 2011.},
	Publisher = {Nintendo},
	Title = {\emph{Super Metroid}},
	Year = {1994}
}

@inproceedings{Mather:2000:MUT,
  title =        {Making up titles for conference papers},
  author =       {Mather, B. D.},
  booktitle =    {Ext. Abstracts CHI 2000},
  year =         2000,
  publisher =    "ACM Press",
  pages =        "1-2",
}

@book{Schwartz:1995:GBF,
  title =        {Guidelines for Bias-Free Writing},
  author =       {Marilyn Schwartz},
  address =      {Bloomington, IN, USA},
  year =         1995,
  publisher =    {ERIC}
}

@misc{unity3d,
  title =      	{Unity 2017.3},
  urldate =     {2018},
  url =         {https://unity3d.com/de},
  year =         2018,
}

@misc{googlemaps,
	title =        {Google Maps},
	urldate =         {2018},
	url =         {https://www.google.de/maps},
	  year =         2018,
}

@misc{googlemapsAPI,
	title =       {Google Maps API for developers},
	urldate =     {2018},
	url =         {https://developers.google.com/maps/?hl=de},
	year =         2018,
}

@misc{desc:hotspot,
	title =       {Software Hotspot (Wi-Fi)},
	urldate =     {2018},
	url =         {https://en.wikipedia.org/wiki/Hotspot_(Wi-Fi)\#Software_hotspots},
	year =         2018,
}

@misc{app:geocaching,
	title =       {Geocaching\textsuperscript{\textregistered} Mobile App},
	urldate =     {2018},
	url =         {https://www.geocaching.com/play/mobile},
	year =         2018,
}

@misc{vuforia,
	title =       {Vuforia},
	urldate =     {2018},
	url =         {https://www.vuforia.com/},
	year =         2018,
}

@misc{vuforiaExplanation,
	title =       {Vuforia explanation},
	urldate =     {2018},
	url =         {https://en.wikipedia.org/wiki/Vuforia_Augmented_Reality_SDK},
	year =         2018,
}

@misc{unityRequirements,
	title =       {Requirements to run Unity3D},
	urldate =     {2018},
	url =         {https://unity3d.com/de/unity/system-requirements},
	year =         2018,
}

