
@misc{supermetroid:snes,
	Address = {Kyoto, Japan},
	Author = {{Nintendo R\&D1} and {Intelligent Systems}},
	Day = {18},
	Howpublished = {Game [SNES]},
	Month = {April},
	Note = {Nintendo, Kyoto, Japan. Played August 2011.},
	Publisher = {Nintendo},
	Title = {\emph{Super Metroid}},
	Year = {1994}
}

@inproceedings{Mather:2000:MUT,
  title =        {Making up titles for conference papers},
  author =       {Mather, B. D.},
  booktitle =    {Ext. Abstracts CHI 2000},
  year =         2000,
  publisher =    "ACM Press",
  pages =        "1-2",
}

@book{Schwartz:1995:GBF,
  title =        {Guidelines for Bias-Free Writing},
  author =       {Marilyn Schwartz},
  address =      {Bloomington, IN, USA},
  year =         1995,
  publisher =    {ERIC}
}

@misc{unity3d,
  key =          "Unity3D",
  title =        {Unity 2017.3},
  year =         2018,
  note =         {\url{https://unity3d.com/de}},
}

@misc{googlemaps,
	key =          "Google Maps",
	title =        {Google Maps},
	year =         2018,
	note =         {\url{https://www.google.de/maps}},
}

@misc{googlemapsAPI,
	key =          "Google Maps API",
	title =        {Google Maps API for developers},
	year =         2018,
	note =         {\url{https://developers.google.com/maps/?hl=de}},
}

@Misc{cavender:writing,
  author =       {Anna Cavender and Shari Trewin and Vicki Hanson},
  title =        {Accessible Writing Guide},
  year =         2014,
  day =          22,
  note =
                  {\url{http://www.sigaccess.org/welcome-to-sigaccess/resources/accessible-writing-guide/}},
  annote =       {URL}
}

@article{ethics,
  title =        {{Social Impacts of Computing: Codes of Professional
                  Ethics}},
  author =       {R. E. Anderson},
  doi =          "10.1177/089443939201000402",
  journal =      "Social Science Computer Review December",
  year =         1992,
  volume =       10,
  number =       4,
  pages =        "453-469"
}

@Misc{heilig:sensorama,
  author =       {Morton L. Heilig},
  title =        {Sensorama Simulator},
  howpublished = {U.S. Patent 3,050,870},
  month =        {August},
  day =          28,
  year =         1962,
  note =         {Filed Februrary 22, 1962.},
  annote =       {is this right?}
},

@article{kaye:puc,
  year =         2014,
  issn =         {1617-4909},
  journal =      {Personal and Ubiquitous Computing},
  volume =       18,
  number =       4,
  doi =          {10.1007/s00779-014-0773-4},
  title =        {Special issue on science fiction and ubiquitous
                  computing},
  url =          {http://dx.doi.org/10.1007/s00779-014-0773-4},
  publisher =    {Springer London},
  author =       {Kaye, Jofish and Dourish, Paul},
  pages =        {765-766},
  language =     {English}
}

@Misc{psy:gangnam,
  author =       {Psy},
  title =        {Gangnam Style},
  howpublished = {Video},
  month =        {July},
  day =          15,
  year =         2012,
  note =         {Retrieved August 22, 2014 from
                  \url{https://www.youtube.com/watch?v=9bZkp7q19f0}},
  annote =       {Video URL}
}

@PhdThesis{sutherland:sketchpad,
  author =       {Ivan E. Sutherland},
  title =        {Sketchpad, a Man-Machine Graphical Communication
                  System},
  school =       {Massachusetts Institute of Technology},
  year =         1963,
  address =      {Cambridge, MA},
}

@InBook{winner:politics,
  author =       {Langdon Winner},
  title =        {The Social Shaping of Technology},
  chapter =      {Do artifacts have politics?},
  publisher =    {Open University Press},
  year =         1999,
  address =      {UK},
  edition =      {2nd},
  pages =        {28--40},
}
