
@misc{supermetroid:snes,
	Address = {Kyoto, Japan},
	Author = {{Nintendo R\&D1} and {Intelligent Systems}},
	Day = {18},
	Howpublished = {Game [SNES]},
	Month = {April},
	Note = {Nintendo, Kyoto, Japan. Played August 2011.},
	Publisher = {Nintendo},
	Title = {\emph{Super Metroid}},
	Year = {1994}
}

@inproceedings{Mather:2000:MUT,
  title =        {Making up titles for conference papers},
  author =       {Mather, B. D.},
  booktitle =    {Ext. Abstracts CHI 2000},
  year =         2000,
  publisher =    "ACM Press",
  pages =        "1-2",
}

@book{Schwartz:1995:GBF,
  title =        {Guidelines for Bias-Free Writing},
  author =       {Marilyn Schwartz},
  address =      {Bloomington, IN, USA},
  year =         1995,
  publisher =    {ERIC}
}

@misc{unity3d,
  title =      	{Unity 2017.3},
  urldate =     {2018},
  url =         {https://unity3d.com/de},
  year =         2018,
}

@misc{googlemaps,
	title =        {Google Maps},
	urldate =         {2018},
	url =         {https://www.google.de/maps},
	  year =         2018,
}

@misc{unityscene,
	title =        {Unity Scenes},
	urldate =         {2018},
	url =         {https://docs.unity3d.com/Manual/CreatingScenes.html},
	year =         2018,
}

@misc{googleMapsScript,
	title =        {Load a Google Map into Unity3D},
	urldate =         {2018},
	url =         {https://gist.github.com/derme302/d57a395b711b4ecf100f},
	year =         2018,
}

@misc{unityNetworking,
	title =        {Unity Networking Overview},
	urldate =         {2018},
	url =         {https://docs.unity3d.com/Manual/UNetOverview.html},
	year =         2018,
}

@misc{unityNetworkTransform,
	title =        {Unity NetworkTransform},
	urldate =         {2018},
	url =         {https://docs.unity3d.com/Manual/class-NetworkTransform.html},
	year =         2018,
}

@misc{vuforiaImageTarget,
	title =        {Vuforia Image Targets},
	urldate =         {2018},
	url =         {https://library.vuforia.com/articles/Training/Image-Target-Guide},
	year =         2018,
}

@misc{unityInput,
	title =        {Unity Input},
	urldate =         {2018},
	url =         {https://docs.unity3d.com/ScriptReference/Input.html},
	year =         2018,
}

@misc{googleMapsZoomLevel,
	title =        {What ratio scales do Google Maps zoom levels correspond to?},
	urldate =         {2018},
	url =         {https://gis.stackexchange.com/questions/7430/what-ratio-scales-do-google-maps-zoom-levels-correspond-to},
	year =         2018,
}

@misc{unityPrefab,
	title =        {Unity Prefabs},
	urldate =         {2018},
	url =         {https://docs.unity3d.com/Manual/Prefabs.html},
	year =         2018,
}

@misc{serialization,
	title =        {Serialization (C\#)},
	urldate =         {2018},
	url = {https://docs.microsoft.com/en-us/dotnet/csharp/programming-guide/concepts/serialization/},
	year =         2018,
}

@misc{listClass,
	title =        {List<T> Class},
	urldate =         {2018},
	url = {https://msdn.microsoft.com/en-us/library/6sh2ey19(v=vs.110).aspx},
	year =         2018,
}

@misc{binaryFormatterClass,
	title =        {BinaryFormatter Class},
	urldate =         {2018},
	url = {https://msdn.microsoft.com/en-us/library/system.runtime.serialization.formatters.binary.binaryformatter(v=vs.110).aspx},
	year =         2018,
}

@misc{googlemapsAPI,
	title =       {Google Maps API for developers},
	urldate =     {2018},
	url =         {https://developers.google.com/maps/?hl=de},
	year =         2018,
}

@misc{desc:hotspot,
	title =       {Software Hotspot (Wi-Fi)},
	urldate =     {2018},
	url =         {https://en.wikipedia.org/wiki/Hotspot_(Wi-Fi)\#Software_hotspots},
	year =         2018,
}

@misc{app:geocaching,
	title =       {Geocaching\textsuperscript{\textregistered} Mobile App},
	urldate =     {2018},
	url =         {https://newsroom.geocaching.com/},
	year =         2018,
}

@misc{vuforia,
	title =       {Vuforia},
	urldate =     {2018},
	url =         {https://www.vuforia.com/},
	year =         2018,
}

@misc{vuforiaExplanation,
	title =       {Vuforia explanation},
	urldate =     {2018},
	url =         {https://en.wikipedia.org/wiki/Vuforia_Augmented_Reality_SDK},
	year =         2018,
}

@misc{unityRequirements,
	title =       {Requirements to run Unity3D},
	urldate =     {2018},
	url =         {https://unity3d.com/de/unity/system-requirements},
	year =         2018,
}

@misc{puzzleBoxMarker,
	title =       {Vuforia-marker image used for the Puzzle-box scenario},
	urldate =     {2018},
	url =         {http://wallpaperswide.com/question_marks-wallpapers.html},
	year =         2018,
}

@misc{dragonMarker,
	title =       {Vuforia-marker image used for the dragon scenario},
	urldate =     {2018},
	url =         {https://benwootten.deviantart.com/art/Red-Dragon-118573547},
	year =         2018,
}

@misc{dragonModel,
	title =       {Black Dragon Rigged and Game Ready, 3d model},
	url =         {https://free3d.com/3d-model/black-dragon-rigged-and-game-ready-92023.html},
	year =         2018,
}


